@inproceedings{calinon2005humanoid,
  title={A humanoid robot drawing human portraits},
  author={Calinon, Sylvain and Epiney, Julien and Billard, Aude},
  booktitle={5th IEEE-RAS International Conference on Humanoid Robots, 2005.},
  pages={161--166},
  year={2005},
  organization={IEEE}
}

@misc{hutchinson1991novel,
  title={Novel means for mounting a tool to a robot arm},
  author={Hutchinson, James and Hoffman, Brian and Pollack, Steven},
  year={1991},
  month=may # "~28",
  publisher={Google Patents},
  note={US Patent 5,018,266}
}

@inproceedings{caballero2014development,
  title={Development of motion models for writting of the Spanish alphabet on the humanoid Bioloid robotic platform},
  author={Caballero-Morales, Santiago-Omar},
  booktitle={Electronics, Communications and Computers (CONIELECOMP), 2014 International Conference on},
  pages={217--224},
  year={2014},
  organization={IEEE}
}

@misc{ex65-3,
  author    = {{{Idiap Research and Goldsmiths University of London}}},
  firstkey  = {{Idiap Research and Goldsmiths University of London}},
  key       = {{Idiap}},
  year      = {2016},
  title     = {Compliant Drawing with Baxter Robot},
  type      = {Motion picture},
}

@misc{ex66-3,
  author    = {{{Karina Fernandez}}},
  firstkey  = {{Karina Fernandez}},
  key       = {{writing_robot}},
  year      = {2002},
  title     = {Writing Robot},
  type      = {Final Year Project},
}

@misc{ex67-3,
  author    = {{{P. Tresset and F. Leymarie}}},
  firstkey  = {{P. Tresset and F. Leymarie}},
  key       = {{paul}},
  year      = {2013},
  title     = {Portrait drawing by Paul the robot},
}

@misc{github,
  author = {{{Eric Rosen}}},
  year      = {2016},
  title     = {https://github.com/ericrosenbrown/WritingTool},
}

